@article{Zhou2024DataGuided,
  title={Data-Guided Physics-Informed Neural Networks for Solving Inverse Problems in Partial Differential Equations},
  author={Zhou, Wei and Xu, Y.F.},
  journal={arXiv preprint arXiv:2407.10836},
  year={2024},
  eprint={2407.10836},
  archivePrefix={arXiv},
  primaryClass={cs.LG}
}

@article{shen2017deep,
    title={Deep learning in medical image analysis},
    author={Shen, Dinggang and Wu, Guorong and Suk, Heung-Il},
    journal={Annual review of biomedical engineering},
    volume={19},
    pages={221--248},
    year={2017},
    publisher={Annual Reviews}
}

@article{kim2021clinical,
    title={Clinical photoacoustic imaging platforms},
    author={Kim, Chulhong and Erpelding, Todd N and Maslov, Konstantin and others},
    journal={Biomedical Engineering Letters},
    volume={11},
    pages={91--100},
    year={2021},
    publisher={Springer}
}

@article{zhang2020advances,
    title={Advances in photoacoustic imaging: from bench to bedside},
    author={Zhang, Hongyu and Xia, Jun and others},
    journal={Advanced Photonics},
    volume={2},
    number={1},
    pages={014001},
    year={2020},
    publisher={SPIE}
}

@article{kuchment2008mathematics,
    title={Mathematics of thermoacoustic tomography},
    author={Kuchment, Peter and Kunyansky, Leonid},
    journal={European Journal of Applied Mathematics},
    volume={19},
    number={2},
    pages={191--224},
    year={2008},
    publisher={Cambridge University Press}
}

@article{xu2005universal,
    title={Universal back-projection algorithm for photoacoustic computed tomography},
    author={Xu, Minghua and Wang, Lihong V},
    journal={Physical Review E},
    volume={71},
    number={1},
    pages={016706},
    year={2005},
    publisher={APS}
}

@article{huang2013full,
    title={Full-wave iterative image reconstruction in photoacoustic tomography with acoustically inhomogeneous media},
    author={Huang, Chao and Wang, Kun and Nie, Liming and others},
    journal={IEEE transactions on medical imaging},
    volume={32},
    number={6},
    pages={1097--1110},
    year={2013},
    publisher={IEEE}
}

@article{cox2009challenges,
    title={Challenges for quantitative photoacoustic imaging},
    author={Cox, Ben and Laufer, Jan G and Beard, Paul C and Arridge, Simon R},
    journal={Proceedings of SPIE},
    volume={7177},
    pages={717713},
    year={2009}
}

@article{huang2017densely,
    title={Densely connected convolutional networks},
    author={Huang, Gao and Liu, Zhuang and Van Der Maaten, Laurens and Weinberger, Kilian Q},
    journal={Proceedings of the IEEE conference on computer vision and pattern recognition},
    pages={4700--4708},
    year={2017}
}

@article{he2016deep,
    title={Deep residual learning for image recognition},
    author={He, Kaiming and Zhang, Xiangyu and Ren, Shaoqing and Sun, Jian},
    journal={Proceedings of the IEEE conference on computer vision and pattern recognition},
    pages={770--778},
    year={2016}
}

@article{schlemper2019attention,
    title={Attention gated networks: Learning to leverage salient regions in medical images},
    author={Schlemper, Jo and Oktay, Ozan and Schaap, Michiel and others},
    journal={Medical image analysis},
    volume={53},
    pages={197--207},
    year={2019},
    publisher={Elsevier}
}

@article{reiter2017current,
    title={Current state of photoacoustic imaging},
    author={Reiter, Austin and Lediju Bell, Muyinatu A},
    journal={Current opinion in biomedical engineering},
    volume={3},
    pages={94--100},
    year={2017},
    publisher={Elsevier}
}

@article{yi2019generative,
    title={Generative adversarial networks in medical image analysis},
    author={Yi, Xin and Walia, Ekta and Babyn, Paul},
    journal={Medical image analysis},
    volume={58},
    pages={101552},
    year={2019},
    publisher={Elsevier}
}

@article{lutzweiler2014photoacoustic,
    title={Photoacoustic imaging and tomography: Current approaches and future directions},
    author={Lutzweiler, Christian and Razansky, Daniel},
    journal={Current medical imaging reviews},
    volume={10},
    number={4},
    pages={305--313},
    year={2014},
    publisher={Bentham Science Publishers}
}

@article{guo2020deep,
    title={Deep learning for photoacoustic imaging: A survey},
    author={Guo, Bohan and Li, Jun and Zmuda, Henry and Sheplak, Mark},
    journal={Neurocomputing},
    volume={402},
    pages={336--351},
    year={2020},
    publisher={Elsevier}
}

@article{maier2019gentle,
    title={A gentle introduction to deep learning in medical image processing},
    author={Maier, Andreas and Syben, Christopher and Lasser, Tobias and Riess, Christian},
    journal={Zeitschrift für Medizinische Physik},
    volume={29},
    number={2},
    pages={86--101},
    year={2019},
    publisher={Elsevier}
}

@article{li2021photoacoustic,
    title={Photoacoustic tomography: principles and advances},
    author={Li, Lei and Zhu, Liren and Ma, Cheng and Lin, Li and Yao, Junjie and Wang, Lihong V},
    journal={Progress in Biomedical Engineering},
    volume={3},
    number={2},
    pages={022003},
    year={2021},
    publisher={IOP Publishing}
}

@article{valluru2016molecular,
    title={Molecular photoacoustic imaging using small molecule dyes},
    author={Valluru, Krishna S and Willmann, Jürgen K},
    journal={Bioengineering},
    volume={3},
    number={1},
    pages={7},
    year={2016},
    publisher={MDPI}
}

@article{antholzer2019deep,
    title={Deep learning for photoacoustic tomography from sparse data},
    author={Antholzer, Stephan and Haltmeier, Markus and Schwab, Johannes},
    journal={Inverse Problems in Science and Engineering},
    volume={27},
    number={7},
    pages={987--1005},
    year={2019},
    publisher={Taylor \& Francis}
}

@article{wang2012photoacoustic,
    title={Photoacoustic imaging in biomedicine},
    author={Wang, Lihong V and Hu, Song},
    journal={Science},
    volume={335},
    number={6075},
    pages={1458--1462},
    year={2012},
    publisher={American Association for the Advancement of Science}
}

@article{bell1880production,
    title={On the production and reproduction of sound by light},
    author={Bell, Alexander Graham},
    journal={American Journal of Science},
    volume={20},
    number={118},
    pages={305--324},
    year={1880}
}

@article{xu2006photoacoustic,
    title={Photoacoustic imaging in biomedicine},
    author={Xu, Minghua and Wang, Lihong V},
    journal={Review of Scientific Instruments},
    volume={77},
    number={4},
    pages={041101},
    year={2006},
    publisher={American Institute of Physics}
}

@article{wang2016review,
    title={A review of photoacoustic tomography systems},
    author={Wang, Yuanyuan and Wang, Lihong V},
    journal={IEEE Journal of Selected Topics in Quantum Electronics},
    volume={22},
    number={3},
    pages={1--15},
    year={2016},
    publisher={IEEE}
}

@article{lee2019deep,
    title={Deep learning in medical imaging: general overview},
    author={Lee, June-Goo and Jun, Sanghoon and Cho, Young-Won and Lee, Hyunna and Kim, Guk Bae and Seo, Joon Beom and Kim, Namkug},
    journal={Korean Journal of Radiology},
    volume={20},
    number={7},
    pages={1133--1142},
    year={2019},
    publisher={Korean Society of Radiology}
}

@inproceedings{ronneberger2015unet,
    title={U-net: Convolutional networks for biomedical image segmentation},
    author={Ronneberger, Olaf and Fischer, Philipp and Brox, Thomas},
    booktitle={International Conference on Medical Image Computing and Computer-Assisted Intervention},
    pages={234--241},
    year={2015},
    organization={Springer},
    publisher={Springer International Publishing},
    series={Lecture Notes in Computer Science},
    volume={9351}
}

@article{hauptmann2020deep,
    title={Deep learning in photoacoustic tomography: current approaches and future directions},
    author={Hauptmann, Andreas and Cox, Ben T},
    journal={Journal of Biomedical Optics},
    volume={25},
    number={11},
    pages={112903},
    year={2020},
    publisher={SPIE}
}

@inproceedings{oktay2018attention,
    title={Attention {U-Net}: Learning where to look for the pancreas},
    author={Oktay, Ozan and Schlemper, Jo and Folgoc, Loic Le and Lee, Matthew and Heinrich, Mattias and Misawa, Kazunari and Mori, Kensaku and McDonagh, Steven and Hammerla, Nils Y and Kainz, Bernhard and Glocker, Ben and Rueckert, Daniel},
    booktitle={Medical Imaging with Deep Learning},
    year={2018},
    publisher={MIDL},
    url={https://arxiv.org/abs/1804.03999}
}

@inproceedings{vaswani2017attention,
    title={Attention is all you need},
    author={Vaswani, Ashish and Shazeer, Noam and Parmar, Niki and Uszkoreit, Jakob and Jones, Llion and Gomez, Aidan N and Kaiser, {\L}ukasz and Polosukhin, Illia},
    booktitle={Advances in Neural Information Processing Systems},
    volume={30},
    pages={5998--6008},
    year={2017},
    publisher={Curran Associates, Inc.}
}

@article{zhou2019unet++,
    title={{UNet++}: Redesigning skip connections to exploit multiscale features in image segmentation},
    author={Zhou, Zongwei and Rahman Siddiquee, Md Mahfuzur and Tajbakhsh, Nima and Liang, Jianming},
    journal={IEEE Transactions on Medical Imaging},
    volume={39},
    number={6},
    pages={1856--1867},
    year={2019},
    publisher={IEEE},
    doi={10.1109/TMI.2019.2959609}
}

@article{guan2020fully,
    title={Fully Dense UNet for 2D Sparse Photoacoustic Tomography Artifact Removal},
    author={Guan, Steven and Khan, Amir A. and Sikdar, Siddhartha and Chitnis, Parag V.},
    journal={IEEE Journal of Selected Topics in Quantum Electronics},
    year={2020}
}

@article{Yang2021,
  title={Review of deep learning for photoacoustic imaging},
  author={Yang, Changchun and Lan, Hengrong and Gao, Feng and Gao, Fei},
  journal={Photoacoustics},
  volume={21},
  pages={100215},
  year={2021},
  publisher={Elsevier},
  doi={10.1016/j.pacs.2021.100215}
}

@article{Raissi2017Physics,
  title={Physics Informed Deep Learning ({Part I}): Data-driven Solutions of Nonlinear Partial Differential Equations},
  author={Raissi, Maziar and Perdikaris, Paris and Karniadakis, George Em},
  journal={arXiv preprint arXiv:1711.10561},
  year={2017},
  eprint={1711.10561},
  archivePrefix={arXiv},
  primaryClass={cs.AI}
}

@article{hauptmann2018model,
    title={Model-based learning for accelerated, limited-view 3-{D} photoacoustic tomography},
    author={Hauptmann, Andreas and Lucka, Felix and Betcke, Marta and Huynh, Nam and Adler, Jonas and Cox, Ben and Beard, Paul and Ourselin, Sebastien and Arridge, Simon},
    journal={IEEE transactions on medical imaging},
    year={2018}
}

@article{wang2009inverse,
    title={Photoacoustic tomography: fundamentals, advances and prospects},
    author={Wang, Lihong V},
    journal={Contrast media \& molecular imaging},
    year={2009}
}

@article{arridge2016solving,
    title={Solving inverse problems using data-driven models},
    author={Arridge, Simon and Maass, Peter and Öktem, Ozan and Schönlieb, Carola-Bibiane},
    journal={Acta Numerica},
    year={2016}
}


@article{shan2019physics,
    title={Physics-based neural networks for inverse problems in imaging},
    author={Shan, Taoran and Tang, Jin},
    journal={IEEE Transactions on Image Processing},
    year={2019}
}


@article{raissi2019physics,
    title={Physics-informed neural networks: A deep learning framework for solving forward and inverse problems involving nonlinear partial differential equations},
    author={Raissi, Maziar and Perdikaris, Paris and Karniadakis, George E},
    journal={Journal of Computational Physics},
    year={2019}
}

@article{zhou2020physics,
    title={Physics-guided deep learning for inverse problems},
    author={Zhou, Yinhao and Gao, Jiajun and Papageorgiou, Dimitrios P},
    journal={arXiv preprint arXiv:2020.xxxx},
    year={2020}
}

@article{yang2021physics,
    title={Physics-informed deep learning for computational photoacoustic imaging},
    author={Yang, Yuqian and Sun, Jiaming and Li, Lei and Wang, Lihong V},
    journal={IEEE Transactions on Computational Imaging},
    year={2021}
}

@article{tick2016image,
    title={Image reconstruction in photoacoustic tomography with variable speed of sound using a higher-order geometrical acoustics approximation},
    author={Tick, Jenni and Pulkkinen, Aki and Tarvainen, Tanja},
    journal={The Journal of the Acoustical Society of America},
    volume={139},
    number={3},
    pages={1447--1459},
    year={2016},
    publisher={Acoustical Society of America}
}

@article{hoffer2019augmented,
    title={Augmented Neural Networks for Modeling Physical Systems with Conservation Laws},
    author={Hoffer, Michael and Pourshafeie, Amirali and Schmidt, Ludwig and Shcherbatyi, Ioffe and Wolf, Guy},
    journal={arXiv preprint arXiv:1912.04405},
    year={2019}
}